=LDR  03809cam a2200529 a 4500
=001  379615
=005  20130321150408.0
=008  860121s1770\\\\ie\\\\\\\\\\\\00010\eng\d
=035  \\$a(CStRLIN)PAUG86-B2231
=035  \\$a(CaOTULAS)121278643
=035  \\$9ABC5286
=035  \\$a(MediadbVoyBIBID)379615
=035  \\$a(END)PR3291_A6_L329_1770
=035  \\$a200279
=090  \\$aPR3291.A6$bL329 1770$i01/21/86 CT
=245  00$aLetters between an English lady and her friend at Paris :$bin which are contained The memoirs of Mrs. Williams /$cby a lady : in two volumes.
=246  \\$aLetters between an English lady and her friend at Paris. In which are contained the memoirs of Mrs. Williams.$bLetter-press$gHalf$xWork$vv.1
=246  \\$aLetters between an English lady and her friend at Paris. In which are contained the memoirs of Mrs. Williams. By a lady. In two volumes. Vol. I.$bLetter-press$gFull$xVolume$vv.1
=246  \\$aLetters between an English lady and her friend at Paris. In which are contained the memoirs of Mrs. Williams. By a lady. In two volumes. Vol. II.$bLetter-press$gFull$xVolume$vv.2
=246  07$aThe memoirs of Mrs. Williams.$x""The memoirs of"" (recto); ""Mrs. Williams"" (verso)"
=260  \\$aDublin$bPrinted for J. Willaiims, J. Porter, R. Montcrieffe, and T. Walker.$cMDCCLXX.$vv.1$vv.2$a[Dublin]
=300  \\$a[4], iv, 268 p. ;$c17 cm. (12mo)$xDuodecimo$zIn two volumes$a[1 v.]
=500  \\$aVolumes bound together.
=510  4\$aESTC (RLIN)$cN34179
=510  4\$aEnglish novel, 1770-1829,$c1770:10
=510  4\$aBlock, A.  Engl. novel (1961 ed.),$cp.138
=520  \\$aPreface$bPreface.$cFront$x""I am conscious that, amongst all my sex, I am the least calculated to shine in the novel stile; which, however, seems of late to be their sphere...""$xThe translator claims that the following manuscript was given to her by a French woman who was about to be imprisoned by her ""merciless creditors."" Because the translator could not afford to rescue the woman, though she wished to, the woman gives her a manuscript which is in French, but if translated will make enough money to pay the author of the preface back for bailing her out. The translator discovers that the manuscipt is the true story of the events in the life of an ""English lady,"" one of her own ""intimate"" acquaintances. She writes: ""She is now dead; and, therefore, the publication of her memoirs can give her no pain and will, I apprehend, be no dishonour to her posterity, I wish they may be favourably received by the public; and that the world may ever remain ignorant of the name of the translator."
=520  \\$aFootnote$cMiddle$xp.243$vv.2
=592  \\$aEpistolary
=599  \\$aAuthor (text)$bGeneric/descriptive$2By a lady.$3Full title page$5Female$6Unknown
=650  \4$aCHR 1770
=650  \4$aPRO Singer, Jacob (Donor)
=650  \4$aPRO Singer, Leah (donor)
=650  \4$aPRO Singer, Godfrey F. (honoree)
=656  \7$aEpistolary fiction$zEngland$y18th century$2rbgenr
=700  \\$aWilliams, J.$4Printed for$5Unauthorized
=700  \\$aPorter, J.$4Printed for$5Unauthorized
=700  \\$aMoncrieffe, R.$4Printed for$5Unauthorized
=700  \\$aWalker, T.$4Printed for$5Unauthorized
=710  \\$aT. Walker, R. Moncrieffe, J. Porter, & J. Williams$4Printed For$5Unauthorized
=710  2\$aCollection of British and American Fiction, 1660-1830 (University of Pennsylvania)
=710  2\$aEarly Novels$5University of Pennsylvania
=752  \\$aIreland$dDublin.
=950  \\$lRBC$e\\\\\\\\Singer-\\\\Menden-\\\\hall\\\\$v2 v.$i01/21/86 C
=955  \\$lRBC$c1$q725230$sg. Mr. and Mrs. Jacob Singer$sIn 1$i01/21/86 C
=989  \\$7Letter$3English$4England$2Lady$2Friend$4Paris$6Contain$2Memoir$5Mrs. Williams$3Two$2Volume
=999  \\$aMR$b5/20/11$cSwarthmore College

