=LDR  03760cam a2200529 a 4500
=001  193381
=005  20141120163812.0
=008  850925s1761\\\\enk\\\\\\\\\\\00000\eng\d
=035  \\$a(OCoLC)ocm16112905
=035  \\$a(OCoLC)16112905
=035  \\$a(CStRLIN)PAUG85-B34342
=035  \\$a(CaOTULAS)121273516
=035  \\$9ABB7721
=035  \\$a193381
=040  \\$aPU$cPU
=090  \\$aPR3291.A1$bM47 1761$i09/25/85 CT
=245  00$aMemoirs of Mr. Charles Guildford :$bin a regular series of letters, wrote by himself to a friend : the whole founded on real facts : in two volumes.
=246  00$aMemoirs of Mr. Charles Guildford, in a regular series of letters wrote by himself to a friend. The whole founded on real facts. In two volumes.$dLetter-press$gFull$xVolume$vv.1
=246  00$aMemoirs of Mr. Charles Guildford, in a regular series of letters wrote by himself to a friend. The whole founded on real facts. In two volumes.$dLetter-press$gFull$xVolume$vv.2
=246  07$aMemoirs of Mr. Charles Guildford.$vv.1$vv.2
=246  07$aMemoirs of (verso)$aMr. Charles Guildford. (recto)$vv.1$vv.2
=260  \\$aLondon$bPrinted for R. Withy, at the Dunciad, in Cornhill.$cM.DCC.LXVI.$c1761.$vv.1$vv.2$a[London]
=300  \\$a2 v. ;$c17 cm. (12mo)$xDuodecimo$zIn two volumes.$a[2 v.]
=500  \\$aNovel.
=500  \\$aA piece of the spine preserved in mylar.
=500  \\$aLibrary marginalia on the final leaf (verso) of each volume.
=500  \\$aA bookworm has eaten a line (and then a hole) through several pages towards the end of v.1. This is in the upper-right corner of the page.
=500  \\$aThe book has been partially rebound so that it is reinforced with more durable leaves at both the beginning and end of each volume; between these leaves are the original leaves of the book.
=510  4\$aESTC (RLIN)$cT108369
=510  4\$aRaven, J.  British fiction, 1750-1770,$c637
=520  \\$aPreface$bPreface.$cFront$vv.1$x""Custom may be complied with in any thing that is, in itself, just or reasonable."
=520  \\$aFootnotes$cMiddle$vv.1$vv.2$xFootnotes expand upon ideas introduced in the text, but do not seem to be directly relavent to the narrative. For instance: ""*Horace in his satires, takes particular notice of ingratitude &c."" (p50, v.1)"
=592  \\$aEpistolary
=595  \\$aPencil$bNumbers and words$vv.1$xAppears to be a list of how much certain things cost; perhaps a shopping list. For instance, ""4\\\'\\\'3 petticoat."" Located on the verso of the second-to-last leaf."
=599  \\$aAuthor (text)$bProper name$2Memoirs of Mr. Charles Guildford. In a regular series of letters, wrote by himself to a friend.$3Title page$5Male
=599  \\$aAuthor (paratext)$bGeneric/descriptive$2His often descending so low, and then again rising (as emerging from a cloud) to his native language, which is free, simple, and easy, greatly pleased me, being such as might reasonably be supposed to pass between two friends, so closely connected, as Mr. Guildford and myself.$3Preface$5Male
=656  \7$aEpistolary fiction$zEngland$y18th century$2rbgenr
=650  \4$aCHR 1761
=650  \4$aPRO Mendenhall, John C. (donor)
=700  \\$aWithy, R.$4Printed for$5Authorized
=710  2\$aCollection of British and American Fiction, 1660-1830 (University of Pennsylvania)$5PU
=710  2\$aEarly Novels$5University of Pennsylvania
=752  \\$aEngland$dLondon.
=950  \\$lRBC$e\\\\\\\\Singer-\\\\Menden-\\\\hall\\\\$v2 v.$i09/25/85 C
=955  \\$lRBC$c1:(v.1-2)$q50-1034$sg. Dr. John C. Mendenhall$i09/25/85 C
=989  \\$2Memoir$5Mr. Charles Guildford$2Mr.$3Regular$2Series$2Letter$7Letter$6Write$2Himself$2Friend$2Whole$6Find$3Real$2Fact$3Two$3One$2Volume
=999  \\$aIH$b9/17/2015$cSwarthmore College$dKGP

