=LDR  04615cam a2200649 a 4500
=001  197280
=005  20141120165734.0
=008  851118s1768\\\\enk\\\\\\\\\\\00000\eng\d
=035  \\$a(OCoLC)ocm16108725
=035  \\$a(OCoLC)16108725
=035  \\$a(CStRLIN)PAUG85-B40785
=035  \\$a(CaOTULAS)185119691
=035  \\$9ABC1988
=035  \\$a197280
=040  \\$aPU$cPU
=090  \\$aPR3291.A1$bH63 1768$i12/28/87 CT
=245  04$aThe History of Miss Emilia Beville :$bin two volumes.
=246  14$aThe history of Miss Beville. Vol. I.$dLetter-press$gHalf$vv.1$xVolume
=246  14$aThe history of Miss Emilia Beville. In two volumes. Vol. I.$dLetter-press$gFull$vv.1$xVolume
=246  14$aThe history of Miss Emilia Beville. In two volumes. Vol. II.$dLetter-press$gFull$xVolume$vv.2
=246  07$aThe history of Miss Beville.$vv.1$vv.2
=246  07$aThe history of (verso)$aMiss Beville. (recto)$vv.1$vv.2
=260  \\$aLondon$bPrinted by W. Hoggard, for Francis Noble, at his circulating library, near Middle-Row Holborn; and John Noble, at his circulating library, in St. Martin\\\'s Court, near Leicester-Square.$cMDCCLXVIII$c1768$vv.1$vv.2$a[London]
=300  \\$a2 v. ;$c16 cm. (12mo)$xDuodecimo$zIn two volumes.$a[2 v.]
=500  \\$aAn epistolary novel.
=500  \\$aBookplate - ""Faversham 17 -- Doorne\\\'s Circulating Library""$aLocated on front pastedown endpaper, v.1."
=500  \\$aBookplate - ""Library of the University of Pennsylvania -- The Godfrey F. Singer Memorial Presented by Mr. and Mrs. Jacob Singer""$aLocated in v.1 and v.2."
=500  \\$aLibrary-related markings: b1r, back free endpapers (verso) (v.1); b1r (v.2).
=510  4\$aESTC (RLIN)$cN7803
=510  4\$aRaven, J.  British fiction, 1750-1770,$c1075
=510  4\$aBlock, A.  Engl. novel (1961 ed.),$cp. 107
=520  4\$aOther$cFront$cBack$vv.1$xA notice to subscribers of certain circulating libraries (such as Francis Noble\\\'s and John Noble\\\'s) that the price of subscriptions will be going up in order to sustain the reputation and quality of the circulating libraries.$x""We, proprietors of circulating libraries, finding it impossible to continue the business of lending books to read on the late low terms of subscription, with the same degree of reputation to ourselves and satisfaction to the public, as we did at a time when neither so great a number of new books were published, nor the demand for them so great as now, have been compelled to advance the sum of one shilling on our quarterly, and eighteen-pence on our yearly subscribers, in order to avoid the disagreeable alternative of throwing up that branch of business which hath so many years been a source of amusement...""$xThis notice is printed twice in the first volume: on the verso of the half title page and on the verso of the last page of the volume (p.239)."
=592  4\$aEpistolary
=594  \\$aD$bInk$xAn inked stamp of the uppercase letter ""d."" Located on the recto of the front free endpaper of both volumes."
=599  4\$aAuthor (paratext)$bProper name$2Francis Noble, John Noble, William Bathoe, Tho. Lowndes, T. Vernor and J. Chater, Thomas Jones, William Cooke.$3Other$6Male
=656  \7$aEpistolary fiction$zEngland$y18th century.$2rbgenr
=650  \4$aCHR 1768
=650  \4$aPRO Doorne\\\'s circulating library (Bookplate)
=650  \4$aPRO D., S. (Stamp)
=650  \4$aPRO Singer, Jacob (Donor)
=650  \4$aPRO Singer, Leah (donor)
=650  \4$aPRO Singer, Godfrey F. (honoree)
=700  2\$aNoble, Francis$dd. 1792$4Printed for$4Author (paratext)$5Authorized
=700  2\$aNoble, John$4Printed for$4Author (paratext)$5Unauthorized
=700  2\$aHoggard, W$4Printed by$5Unauthorized
=700  2\$aBathoe, William$dd.1768$4Author (paratext)$5Authorized
=700  2\$aLowndes, Thomas$d1719-1784$4Author (paratext)$5Authorized
=700  2\$aVernor, Thomas$dd. 1793$4Author (paratext)$5Authorized
=700  2\$aChater, John$4Author (paratext)$5Unauthorized
=700  2\$aJones, Thomas$4Author (paratext)$5Unauthorized
=700  2\$aCooke, William$4Author (paratext)$5Unauthorized
=710  2\$aCollection of British and American Fiction, 1660-1830 (University of Pennsylvania)$5PU
=710  2\$aEarly Novels$5University of Pennsylvania
=950  \\$lRBC$e\\\\\\\\Singer-\\\\Menden-\\\\hall\\\\$v2 v.$i12/28/87 C
=955  \\$lRBC$c1:(v.1-2)$q725959-60$sEx libris: Doorne\\\'s circulating library$sEx libris: D., S.$sg. Mr. and Mrs. Jacob Singer$i12/28/87 C
=989  \\$2History$5Miss Emilia Beville$2Miss$3Two$2Volume
=999  \\$aMH$b7/7/15$cUniversity of Pennsylvania$dIH

