=LDR  02724cam a2200541 a 4500
=001  199580
=005  20141120170855.0
=008  851220s1769\\\\enk\\\\\\\\\\\00000\eng\d
=035  \\$a(OCoLC)ocm16111168
=035  \\$a(OCoLC)16111168
=035  \\$a(CStRLIN)PAUG85-B45204
=035  \\$a(CaOTULAS)121284631
=035  \\$9ABC4503
=035  \\$a199580
=040  \\$aPU$cPU
=090  \\$aPR3291.A1$bF88 1769$i01/03/86 CT
=245  04$aThe Fruitless repentance, or the history of Miss Kitty Le Fever. In two volumes. Vol. 1.$bin two volumes.
=246  3\$aThe Fruitless repentance, or The history of Miss Kitty Le Fever: in two volumes.$dLetter-press$gFull$vv.1$xVolume
=246  3\$aThe Fruitless repentance, or The history of Miss Kitty Le Fever.$dLetter-press$gFull$vv.2$xVolume
=246  07$aThe History of Miss Le Fever.$vv.1$vv.2
=246  07$aThe History of (verso)$aMiss Le Fever (recto)$vv.1$vv.2
=260  \\$aLondon$bPrinted for F. Newbery, the corner of St. Paul\\\'s Church Yard.$c1769$cM DCC LXIX$vv.1$vv.2$a[London]
=300  \\$a2 v. ;$c17 cm. (12mo)$xDuodecimo$zIn two volumes.$a[2 v.]
=500  \\$aDoubtfully attributed to Mrs. Inchbald.
=500  \\$aTwo volumes bound in one.
=500  \\$aBound in 19th century style.
=500  \\$aUniversity of Pennsylvania library bookplate on front board. Reads: ""The Godrey F. Singer memorial presented by Mr. and Mrs. Jacob Singer."
=500  \\$aLibrary marginalia on back leaf, front leaf and first page of text.
=500  \\$aMarginalia suggests that the book was sold for &#x20A4;3.10.
=510  4\$aESTC (RLIN)$cT107703
=510  4\$aRaven, J.  British fiction, 1750-1770,$c1267
=510  4\$aBlock, A.  Engl. novel (1961 ed.),$cp 79
=592  \\$aEpistolary
=595  \\$aPencil$bNumbers$xOn verso of first leaf of book.$xTranscription: ""&#x20A4;3-10-0"
=590  \\$aBound in one vol.
=650  \4$aCHR 1769
=656  \\$aMixed genre$bFront$cSame publisher$vv. 2$xWorks advertised include some fiction titles: Vicar of Wakefield, Novellas Espanolas.
=700  1\$aInchbald,$cMrs.,$d1753-1821.$4Supposed author (text)$5Authorized
=700  1\$aNewbery, F$dd. 1780$4Printed for$5Authorized
=700  1\$aGibbes, Phebe$dd. 1805$4Author (text)$5Authorized
=740  0\$aKitty Le Fever.
=710  2\$aCollection of British and American Fiction, 1660-1830 (University of Pennsylvania)$5PU
=710  2\$aEarly Novels$5University of Pennsylvania
=752  \\$aEngland$dLondon.
=950  \\$lRBC$e\\\\\\\\Singer-\\\\Menden-\\\\hall\\\\$v2 v.$i01/03/86 C
=955  \\$lRBC$c1:(v.1-2)$q726169$sin 1$i01/03/86 C
=989  \\$3Fruitless$2Repentance$2History$5Kitty Le Fever$3Two$2Volume
=999  \\$aGE$b6/19/15$cSwarthmore College$dKS

