=LDR  02712cam a2200565   4500
=001  150692
=005  20141120130252.0
=008  860508s1769\\\\enk\\\\\\\\\\\00001\eng\\
=010  \\$a16024771 
=035  \\$a(OCoLC)ocm13261743
=035  \\$a(OCoLC)13261743
=035  \\$a(CStRLIN)PAUG86-B18148
=035  \\$a(CaOTULAS)146824363
=035  \\$9AAW7554
=035  \\$a150692
=040  \\$cPU$dPU
=050  0\$aPZ3$b.M3363
=090  \\$aPR3291.A1$bM38 1769$i05/08/86 CTZ
=245  00$aMargaretta, countess of Rainsford.$bA sentimental novel ...
=246  14$aMargaretta, Countess of Rainsford.$dLetter-press$gHalf$vv.1$xVolume
=246  14$aMargaretta, Countess of Rainsford. A sentimental novel. In two volumes. Vol. I.$dLetter-press$gFull$vv.1$xVolume
=246  14$aMargaretta, Countess of Rainsford.$dLetter-press$gHalf$vv.2$xVolume
=246  14$aMargaretta, Countess of Rainsford. A sentimental novel. In two volumes. Vol. II.$dLetter-press$gFull$vv.2$xVolume
=260  \\$aLondon$bPrinted by Adlard and Browne, Fleet Street; for Johnson and Payne, in Pater-Noster Row.$c1769$vv.1$vv.2$a[London]
=300  \\$a2 v. ;$c17 cm. (12mo)$xDuodecimo$zIn two volumes.$a[2 v.]
=500  4\$aLibrary marginalia: back paste-down and free endpapers, v.1 and v.2.
=510  4\$aESTC (RLIN)$cN4068
=510  4\$aRaven, J.  British fiction, 1750-1770,$c1284
=510  4\$aBlock, A.  Engl. novel (1961 ed.),$cp. 152
=592  \\$aEpistolary
=594  \\$aB. Roberts$bInk$xFront free endpaper$vv.1
=595  \\$aPencil$bWords$bNumbers$xFront free endpaper, v.1: ""1st edn"", ""15.00"", ""2 vols"", ""Anon""."
=595  \\$aPencil$bWords$bNumbers$xBack free endpaper, v.1: ""2 vols, zix [?], 7/54"
=650  \4$aCHR 1769
=656  \4$aMixed Genre$bBack$cSame publisher$vv.1
=656  \4$aMixed Genre$bBack$cSame publisher$vv.2
=700  2\$aRoberts, B.$4Inscribed by$5Unauthorized
=700  2\$aPayne, John$d-1787$4Printed for$5Authorized
=700  2\$aJohnson, Joseph$d1738-1809$4Printed for$5Authorized
=700  2\$aBrowne$4Printed by$5Unauthorized
=700  2\$aAdlard$4Printed by$5Unauthorized
=710  2\$aJohnson and Payne$4Printed for$5Authorized
=710  2\$aAdlard and Browne$4Printed by$5Unauthorized
=710  2\$aCollection of British and American Fiction, 1660-1830 (University of Pennsylvania)$5PU
=710  2\$aEarly Novels$5University of Pennsylvania
=752  \\$aEngland$dLondon.
=950  \\$lRBC$e\\\\\\\\Singer-\\\\Menden-\\\\hall\\\\$v2 v.$i05/08/86 C
=955  \\$lRBC$c1:(v.1-2)$q55-332$i05/08/86 C
=989  \\$5Margaretta, Countess of Rainsford$5Margaretta$2Countess$4Rainsford$3Sentimental$2Novel$3Two$2Volume
=999  \\$aNB$b6/29/15$cSwarthmore College$dMH

