=LDR  02388cam a2200529 a 4500
=001  341406
=005  20130405134637.0
=008  860115s1770\\\\ie\\\\\\\\\\\\00000\eng\d
=035  \\$a(MediadbVoyBIBID)341406
=035  \\$a(PUVoyagerBIBID)199965
=035  \\$a(CStRLIN)PAUG86-B1637
=035  \\$a(CaOTULAS)121277594
=035  \\$9ABC4932
=035  \\$a(END)sm_pr3291_a1_h576_1770
=040  \\$aPU$cPU
=090  \\$aPR3291.A1$bH576 1770$i01/15/86 CT
=245  04$aThe History of Eliza Musgrove :$bin two volumes.
=246  \\$aThe history of Eliza Musgrove. In two volumes. Vol. I.$dLetter-press$xVolume$gFull$vv.1
=246  \\$aThe history of Eliza Musgrove. In two volumes. Vol. II.$dLetter-press$xVolume$gFull$vv.2
=260  \\$aDublin$bPrinted for H. Saunders, W. Sleater, D. Chamberlaine, J. Potts and J. Williams$cMDCCLXX.$vv.1$vv.2$a[Dublin]
=300  \\$a2 v. ;$c18 cm. (12mo)$xDuodecimo$zIn two volumes.$a[2 v.]
=500  \\$aTitle page for v. 2: p. [121]
=500  \\$aFirst published in London, 1769.
=500  \\$aNo mention of author.
=505  \\$aRunning titles, recto and verso: ""Letter [letter number, in roman numerals]."
=510  4\$aESTC (RLIN)$cN7496
=510  4\$aRaven, J.  British fiction, 1750-1770,$c1272
=592  \\$aEpistolary$xLetters are numbered
=594  \\$aE. B.$bInk$xFirst letter unclear$vv.1
=595  \\$aPencil$bSketches$vv.1$vv.2$xOn blank front- and end-papers
=650  \4$aCHR 1770
=700  \\$aSaunders, H.$4Printed for$5Unauthorized
=700  \\$aSleater, William$dd. 1801$4Printed for$5Authorized
=700  \\$aChamberlaine, D.$4Printed for$5Unauthorized
=700  \\$aPotts, J.$4Printed for$5Unauthorized
=700  \\$aWilliams, J.$4Printed for$5Unauthorized
=710  \\$aH. Saunders, W. Sleater, D. Chamberlaine, J. Potts and J. Williams$4Publisher$5Unauthorized
=710  2\$aCollection of British and American Fiction, 1660-1830 (University of Pennsylvania)
=710  2\$aEarly Novels$5University of Pennsylvania
=740  0\$aEliza Musgrove.
=752  \\$aIreland$dDublin.
=852  00$bscsing$t1$hPR3291.A1$iH576 1770$xid=9999
=856  \\$aInitials ""E. B."
=950  \\$lRBC$e\\\\\\\\Singer-\\\\Menden-\\\\hall\\\\$i01/15/86 C
=955  \\$lRBC$c1$q725232$sGodfrey F. Singer Mem.$i01/15/86 C
=989  \\$2History$2Volume$5Eliza Musgrove$vv.1$vv.2
=999  \\$aNA$b5/18/11$cSwarthmore College

