=LDR  02700cam a2200517 a 4500
=001  341677
=005  20130321152542.0
=008  851220s1771\\\\enk\\\\\\\\\\\00000\eng\d
=035  \\$a(PUVoyagerBIBID)199590
=035  \\$a(CStRLIN)PAUG85-B45215
=035  \\$a(CaOTULAS)121284642
=035  \\$9ABC4514
=035  \\$a(END)sm_pr3291_a1_t73_1771_v1
=035  \\$a(MediadbVoyBIBID)341677
=035  \\$a(END)sm_pr3291_a1_t73_1771_v2
=040  \\$aPU$cPU
=090  \\$aPR3291.A1$bT73 1771$i12/20/85 CT
=245  00$aTravels into France and Italy :$bin a series of letters to a lady : in two volumes.
=246  \\$aTravels into France and Italy. In a series of letters to a lady. In two volumes. Vol. I.$dLetter-press$xVolume$gFull$vv.1
=246  \\$aTravels into France and Italy. In a series of letters to a lady. Vol. I.$dLetter-press$xVolume$gHalf$vv.1
=246  \\$aTravels into France and Italy. In a series of letters to a lady. In two volumes. Vol. II.$dLetter-press$xVolume$gFull$vv.2
=246  \\$aTravels into France and Italy. In a series of letters to a lady. Vol. II.$dLetter-press$xVolume$gHalf$vv.2
=260  \\$aLondon$bPrinted for T. Becket and P. A. De Hondt, in the Strand.$cM.DCC.LXXI.$vv.1$vv.2$a[London]
=300  \\$a2 v. ;$c16 cm. (8vo)$xOctavo$zIn two volumes.$a[2 v.]
=500  \\$aIn vol. I, quotes lines from the tragedy of titus and Berenice in French, not in translation
=510  4\$aESTC (RLIN)$cT63089
=592  \\$aEpistolary$cVerse$xVerse is quote from French poem, not in translation
=656  \7$aEpistolary fiction$zEngland$y18th century$2rbgenr
=650  \4$aCHR 1771
=650  \4$aPRO Mendenhall, John C. (Donor)
=700  \\$aBecket, Thomas$4Printed for$5Authorized
=700  \\$aDe Hondt, P. A. (Peter Abraham)$4Printed for$5Authorized
=710  \\$aT. Becket and P. A. de Hondt$4Printed for$5Authorized
=710  2\$aCollection of British and American Fiction, 1660-1830 (University of Pennsylvania)
=710  2\$aEarly Novels$5University of Pennsylvania
=752  \\$aEngland$dLondon.
=852  01$bscsing$t1$hPR3291.A1$iT73 1771
=866  30$80$a2 v.
=866  30$80$a(v.1-2); id=9999
=950  \\$lRBC$e\\\\\\\\Singer-\\\\Menden-\\\\hall\\\\$v2 v.$i12/20/85 C
=955  \\$lRBC$c1:(v.1-2)$q50-1406$sg. Dr. John C. Mendenhall$i12/20/85 C
=989  \\$2Travel$2Series$2Letter$2Lady$2Volume$2Volume$3Two$4France$4Italy$7Letter$vv.1
=989  \\$2Travel$2Series$2Letter$2Lady$2Volume$2Volume$3Two$4France$4Italy$7Letter$vv.2
=989  \\$2Travel$2Series$2Letter$2Lady$2Volume$4France$4Italy$7Letter$vv.1
=989  \\$2Travel$2Series$2Letter$2Lady$2Volume$4France$4Italy$7Letter$vv.2
=999  \\$aAFD$b05/25/2011$cSwarthmore College

