=LDR  02642cam a2200541 a 4500
=001  341355
=005  20130215163523.0
=008  860421s1779\\\\enk\\\\\\\\\\\00000\eng\d
=035  \\$a(PUVoyagerBIBID)148253
=035  \\$a(CStRLIN)PAUG86-B15033
=035  \\$a(CaOTULAS)146815593
=035  \\$a(MediadbVoyBIBID)341355
=035  \\$9AAW5050
=035  \\$a(END)sm_pr3991_a1_c42_1779_v1
=035  \\$a(END)sm_pr3991_a1_c42_1779_v2
=040  \\$aPU$cPU
=090  \\$aPR3991.A1$bC42 1779$i04/21/86 CT
=245  00$aCharles, or, The history of a young baronet and a lady of quality :$ba novel, in two volumes.
=246  \\$aCharles.  A novel.  Vol. I.$dLetter-press$gHalf$xVolume$vv.1
=246  \\$aCharles.  A novel.  Vol. II.$dLetter-press$gHalf$xVolume$vv.2
=246  \\$aCharles; or, the history of a young baronet and a lady of quality.  A novel.  In two volumes.  Vol. I.$dLetter-press$g$xVolume$vv.1
=246  \\$aCharles; or, the history of a young baronet and a lady of quality.  A novel.  In two volumes.  Vol. II.$dLetter-press$g$xVolume$vv.2
=246  07$aCharles.(verso) Charles.(recto)
=260  \\$aLondon$bPrinted for J. Bew, in Pater-Noster-Row.$cMDCCLXXIX.$vv.1$vv.2$a[London]
=300  \\$a2 v. ;$c17 cm. (12mo)$xDuodecimo$zIn two volumes.$a[2 v.]
=500  \\$aVol. 1: [4], 214, [2] p.; v. 2: [4], 230, [2] p.
=500  \\$aAdvertisements on p. [2] at end of each volume.
=510  4\$aESTC (RLIN)$cN52435
=510  4\$aEnglish novel, 1770-1829,$c1779:1
=592  \\$aEpistolary$xSome letters contain long transcriptions of dialogue
=650  \4$aPRO Mendenhall, John C. (donor)
=650  \4$aCHR 1779
=656  \7$aEpistolary fiction$zEngland$y18th century.$2rbgenr
=656  \7$aBooksellers\\\' advertisements$zEngland$y18th century.$2rbgenr
=656  \\$aPoetry$bBack$cSame publisher$vv.1
=656  \\$aNonfiction$bBack$cSame publisher$vv.2$x""An essay on the education of youth intended for the profession of agriculture"
=710  \\$J. Bew$4Printed for$5Unauthorized
=710  2\$aCollection of British and American Fiction, 1660-1830 (University of Pennsylvania)
=710  2\$aEarly Novels$5University of Pennsylvania
=740  02$aHistory of a young baronet and a lady of quality.
=752  \\$aEngland$dLondon.
=852  01$bscsing$t1$hPR3991.A1$iC42 1779
=866  30$80$a2 v.
=866  30$80$a(v.1-2); id=9999
=950  \\$lRBC$e\\\\\\\\Singer-\\\\Menden-\\\\hall\\\\$v2 v.$i04/21/86 C
=955  \\$lRBC$c1:(v.1-2)$q50-652$sg. Dr. John C. Mendenhall$i04/21/86 C
=989  \\$2History$2Baronet$2Lady$2Quality$2Novel$2Volume$3Young$3Two$5Charles$vv.1$vv.2
=999  \\$aNA$b6/17/2011

