=LDR  02326cam a2200541 a 4500
=001  341622
=005  20130319195814.0
=008  860421s1780\\\\enk\\\\\\\\\\\00000\eng\d
=035  \\$a(PUVoyagerBIBID)148308
=035  \\$a(CStRLIN)PAUG86-B15099
=035  \\$a(CaOTULAS)146815866
=035  \\$9AAW5106
=035  \\$a(MediadbVoyBIBID)341622
=035  \\$a(END)sm_pr3991_a1_r44_1780_v1
=035  \\$a(END)sm_pr3991_a1_r44_1780_v2
=040  \\$aPU$cPU
=090  \\$aPR3991.A1$bR44 1780$i04/21/86 CT
=245  04$aThe Relapse :$ba novel : in two volumes.
=246  \\$aThe relapse, a novel. In two volumes. Volume I.$dLetter-press$gFull$xVolume$vv.1
=246  \\$aThe relapse, a novel. In two volumes. Volume II.$dLetter-press$gFull$xVolume$vv.2
=246  07$aThe relapse, a novel.$vv.1$vv.2
=246  07$aThe relapse, (verso)$aA novel. (recto)$vv.1$vv.2
=260  \\$aLondon$bPrinted for T. Lowndes, no 77, Fleet-Street.$cM.DCC.LXXX.$vv.1$vv.2$a[London]
=300  \\$a2 v. ;$c17 cm. (12mo)$xDuodecimo$zIn two volumes.$a[2 v.]
=500  \\$aVol. 1: [2], 223, [3] p.; v. 2: [2], 223, [3] p.
=500  \\$aAdvertisements on p. [1]-[3] at end of each volume.
=510  4\$aESTC (RLIN)$cT77667
=510  4\$aEnglish novel, 1770-1829,$c1780:16
=592  \\$aEpistolary
=650  \4$aCHR 1780
=650  \4$aPRO Singer, Jacob (donor)
=650  \4$aPRO Singer, Leah (donor)
=650  \4$aPRO Singer, Godfrey F. (honoree)
=656  \7$aEpistolary fiction$zEngland$y18th century.$2rbgenr
=656  \7$aBooksellers\\\' advertisements$zEngland$y18th century.$2rbgenr
=656  \\$aMixed genre$bBack$vv.1$vv.2$cSame publisher$xExtensive list, which is categorized by book size
=700  \\$aLowndes, Thomas$d1719-1784$4Publisher$5Authorized
=710  \\$aT. Lowndes (Bookseller)$4Publisher$5Authorized
=710  2\$aCollection of British and American Fiction, 1660-1830 (University of Pennsylvania)
=710  2\$aEarly Novels$5University of Pennsylvania
=752  \\$aEngland$dLondon.
=852  01$bscsing$t1$hPR3991.A1$iR44 1780
=866  30$80$a2 v.
=866  30$80$a(v.1-2); id=9999
=950  \\$lRBC$e\\\\\\\\Singer-\\\\Menden-\\\\hall\\\\$v2 v.$i04/21/86 C
=955  \\$lRBC$c1:(v.1-2)$q725148$sg. Mr. and Mrs. Jacob Singer$i04/21/86 C
=989  \\$2Relapse$2Novel$2Volume
=999  \\$aAFD$b06/21/2011

