=LDR  03392cam a2200517 a 4500
=001  341534
=005  20130227132044.0
=008  860127s1770\\\\enk\\\\\\\\\\\00000deng\d
=035  \\$a(PUVoyagerBIBID)200672
=035  \\$a(CStRLIN)PAUG86-B2923
=035  \\$a(MediadbVoyBIBID)341534
=035  \\$a(CaOTULAS)121279551
=035  \\$9ABC5721
=035  \\$a(END)sm_da506_a71_g4_1770
=040  \\$aPU$cPU
=090  \\$aDA506.A71$bG4 1770$i01/27/86 CT
=245  00$aGenuine copies of all the love letters and cards which passed between an illustrious personage and a noble lady during the course of a late amour :$bpublished by a proctor of Doctors Commons.
=246  \\$aGenuine copies of all the love letters and cards which passed between an illustrious personage and a noble lady, during the course of a late amour. Published by a proctor of Doctors Commons.$dLetter-press$xWork$gFull
=246  \\$aLove letters and cards &c.$dLetter-press$gHalf$xWork
=260  \\$aLondon$bLondon: Printed for T. Brown, at No. 14, in Pater-Noster Row.$a[London]
=300  \\$a[4], 35, [I] p. (the last page blank) ;$c20 cm. (8vo)$xOctavo$a[1 v.]
=500  \\$aPurporting to be letters between Henry Frederick, Duke of Cumberland, and Henriette, Countess Grosvenor.  Publication date assumed from the lawsuit of July 1770.  Cf. Dict. nat. biog.
=500  \\$aPrice, as listed on full title page following the imprint: ""[Price I s. and 6 d.]"
=500  \\$aNote below the imprint and pricing on the full title page, indicated by a pointing hand (a printer\\\'s oranment): ""This pamphlet is entered at stationers sall; and whoever prints it, or any part of it, will be prosecuted as the law directs."
=510  4\$aESTC (RLIN)$cN18149
=510  4\$aBlock, A.  Engl. novel (1961 ed.),$cp.83
=592  \\$aEpistolary$dOccasional editorial/publisher notes in brackets, e.g. ""[Two or three letters appear to be wanting in this place]""$xLetters are numbered, cards are not.$xSigned C------- and G--------."
=599  \\$aPublisher (text)$bGeneric/Descriptive$2Published by a proctor of Doctors Commons.$3Title Page$5Male$6Unknown$xClaim to be the publisher while publisher of the book is below (""Printed for T. Brown, at no, 14, in Pater-Noster Row"")."
=600  10$aHenry Frederick,$cDuke of Cumberland,$d1745-1790.
=600  10$aGrosvenor, Henrietta Vernon Grosvenor,$cCountess,$dd. 1828.
=650  \4$aCHR 1770
=650  \4$aPRO Singer, Jacob (donor)
=650  \4$aPRO Singer, Leah (donor)
=650  \4$aPRO Singer, Godfrey F. (honoree)
=700  \\$aHenry Frederick, Duke of Cumberland$d1745-1790$4Referent$5Authorized
=700  \\$aGrosvenor, Henrietta Vernon Grosvenor Coutness$dd.1828$4Referent$5Authorized
=700  \\$aBrown, T.$4Printed for$5Unauthorized
=710  \\$aT. Brown$4Printed for$5Unauthorized
=710  2\$aCollection of British and American Fiction, 1660-1830 (University of Pennsylvania)
=710  2\$aEarly Novels$5University of Pennsylvania
=752  \\$aEngland$dLondon.
=852  00$bscsing$t1$hDA506.A71$iG4 1770$xid=9999
=950  \\$lRBC$e\\\\\\\\Singer-\\\\Menden-\\\\hall\\\\$i01/27/86 C
=955  \\$lRBC$c1$q725096$sGodfrey F. Singer Mem.$i01/27/86 C
=989  \\$2Copy$2Letter$2Card$2Personage$2Lady$2Course$2Amour$2Proctor$2Doctor$2Commons$2Love$3Genuine$3Illustrious$3Noble$3Late$7Letter$7Card
=999  \\$aNA$b05/18/2011$cSwarthmore College

