=LDR  03257cam a2200601 i 4500
=001  341433
=005  20130402173100.0
=008  940209s1770\\\\ie\\\\\\\\\\\\000\1\eng\d
=035  \\$a(PUVoyagerBIBID)1800040
=035  \\$a(CStRLIN)PAUGEAX5549-B
=035  \\$a(MediadbVoyBIBID)341433
=035  \\$9EAX5549
=035  \\$a(END)sm_pr3991_a1_f396_1770_v1
=035  \\$a(END)sm_pr3991_a1_f396_1770_v2
=040  \\$aPU$cPU
=090  \\$fh$n\\\\jl\\\\
=245  00$aFemale friendship, or The innocent sufferer :$ba moral novel.
=246  \\$aFemale friendship: or the innocent sufferer. A moral novel. Volume the first.$dLetter-press$xVolume$gFull$vv.1
=246  \\$aFemale friendship: or the innocent sufferer. A moral novel. Volume the second.$dLetter-press$xVolume$gFull$vv.2
=246  07$aA moral novel.$x""A moral novel"" (recto and verso)$vv.1$vv.2"
=260  \\$aDublin$bDublin: printed for J. Williams, J. Porter and T. Walker$cMDCCLXX.$vv.1$vv.2$a[Dublin]
=300  \\$a2 v. ;$c18 cm.$xDuodecimo$a[2 v.]
=500  \\$aPaged continuously; volumes bound together.
=510  4\$aESTC (RLIN)$cN9756
=510  4\$aEnglish novel, 1770-1829,$c1770:4
=510  4\$aBlock, A. Engl. novel (2nd ed.)$cp.73.
=520  \\$aIntroduction$bIntroduction.$cFront$vv.1$xAuthentic authorial$x""A large majority, especially of the fair sex, have not time nor talents for the investigation of abstract principles in moral and social life; wherefore a lighter kind of study is essential: and even the greatest proselytes of profound speculation, may unbend their minds, by perusal of a well pen\\\'d novel.""$xReference to author as ""he."
=520  \\$aFootnote$cMiddle$xp.61$vv.1
=591  \\$aVirtue alone is happiness below,---And our best knowledge is, ourselves to know.$bAn Essay on Man$cAlexander Pope$vv.1$vv.2
=592  \\$aEpistolary$bThird-person$cVerse
=594  \\$a[Illegible name]$bInk$xTitle page$vv.1
=599  \\$aAuthor (text)$bGeneric/descriptive$2The author of what follows, hopes, as he does not lay in any peculiar claim to striking merit...$3Introduction$5Male$6Unknown
=650  \4$aCHR 1770
=700  \\$aPope, Alexander$d1688-1744$4Author (epigraph)$5Authorized
=700  \\$aWilliams, J.$4Printed for$5Unauthorized
=700  \\$aPorter, J.$4Printed for$5Unauthorized
=700  \\$aWalker, T.$4Printed for$5Unauthorized
=710  \\$aJ. Williams, J. Porter, and T. Walker.$4Printed for$5Unauthorized
=710  2\$aCollection of British and American Fiction, 1660-1830 (University of Pennsylvania)
=710  2\$aEarly Novels$5University of Pennsylvania
=740  01$aInnocent sufferer.
=740  01$aFemale friendship.
=852  01$bscsing$t1$hPR3991.A1$iF396 1770$x55-1724$xin 1$xrecl. fr. EC75/A100/770f2b
=856  \\$aIllegible name on v.1 title page$vv.1$z
=866  41$80$av.1-2
=948  \\$ajl
=950  \\$lRBC$aPR3991.A1$bF396 1770$i01/01/01 N$x010
=955  \\$lRBC$c1:v.1-2$s55-1724$sin 1$srecl. fr. EC75/A100/770f2b
=989  \\$2Introduction$vv.1
=989  \\$2Friendship$2Sufferer$2Novel$2Volume$3Female$3Innocent$3Moral$3First$vv.1
=989  \\$2Friendship$2Sufferer$2Novel$2Volume$3Female$3Innocent$3Moral$3Second$vv.2
=998  \\$nPU$zBNA
=999  \\$aAFD$b5/23/11$cSwarthmore College

