=LDR  02942cam a2200409 i 4500
=001  341531
=005  20130314161233.0
=008  860305s1771\\\\enk\\\\\\\\\\\000\1\eng\d
=035  \\$a(PUVoyagerBIBID)3445751
=035  \\$a(MediadbVoyBIBID)341531
=035  \\$a(END)pr3291_a1_l67_1771
=040  \\$aCLU$cCLU$dPU
=050  \4$aPR3291.A1$bL67 1771
=245  00$aLouisa :$bA sentimental novel ...
=246  \\$aLouisa. A sentimental novel.$dLetter-press$gFull$xWork
=246  07$aLouisa
=246  07$aLouisa. (verso)$aLouisa. (recto)
=260  \\$aLondon$bPrinted for T. Lowndes, in Fleetstreet; and G. Kearsley, in Ludgate-Street.$cM DCC LXXI.$a[London]
=300  \\$a[6], 234 p. ;$c17 cm. (12mo)$xDuodecimo$a[1 v.]
=500  \\$aFrom ESTC descriptive bibliographic record: ""The writer of the work (a female) probably also wrote \\\'The brother\\\', 1771, advertised on the verso of the titlepage."
=510  4\$aESTC$ct126674
=510  4\$aEnglish novel, 1770-1829$c1771:24
=520  \\$aAdvertisement$bAdvertisement.$cFront$x""The following elegant Novel is the Production of a Lady, who, to a fine Genius, has added every Advantage, that could be derived from a polite Education...""$xLays out who should read this novel (e.g. ""the most meritorious of the sex""), when they should read it (e.g. ""or in the uniteresting chit-chat of the tea-table""), and why (e.g. ""only as a rational amusement"").$xClaims ""Felicity"" of characters, ""Attachement"" to ""perfect Representations"" of morality, ""simple, unaffected, yet elegant Language.""$x""Suffice it to say, that the Publisher is impowered to declare with the greatest Veracity, \\\'That they are the genuine Letters, as they were delivered to him in the Manuscript, of a Lady of Distinction\\\'--who has promised to continue her ingenious Labours chiefly for the Service of her own Sex--if the present Attempt meets with public Approbation.""$xSigned ""T. M."
=591  \\$a"" New ways I must attempt, my virgin name --- "" To raise aloft, and wing my flight to fame."
=592  \\$aEpistolary
=599  \\$aAuthor (text)$bGeneric/Descriptive$2The following elegant Novel is the Production of a Lady$3Advertisement$5Female$6Female
=599  \\$aAuthor (paratext)$bInitials$2T. M.$3Advertisement$5Indeterminate$6Unknown$xPerhaps fictitious
=650  \4$aCHR 1771
=656  \\$aFiction$bFront$cSame genre$x""In a few Days will be published, in Two Vols. 12mo. Price 6s. bound, The BROTHER. A Novel. By a LADY."
=700  \\$aLowndes, Thomas$d1719-1784$4Printed for$5Authorized
=700  \\$aKearsley, George$dd. 1790$4Printed for$5Authorized
=710  2\$aCollection of British and American Fiction, 1660-1830 (University of Pennsylvania)
=710  2\$aEarly Novels$5University of Pennsylvania
=852  8\$bscrare$hEC75$iA100 771l$x3Ap47 (44304) B.A. General
=989  \\$2Novel$3Sentimental$5Louisa
=994  \\$aE0$bPAU
=999  \\$aAFD$b5/31/11$cSwarthmore College

