=LDR  02919cam a2200577 a 4500
=001  341332
=005  20130214152512.0
=008  860206s1771\\\\enk\\\\\\\\\\\00000\eng\d
=035  \\$a(PUVoyagerBIBID)201610
=035  \\$a(CStRLIN)PAUG86-B4813
=035  \\$a(MediadbVoyBIBID)341332
=035  \\$a(END)sm_PR3291_A1_A44_1771
=035  \\$a(CaOTULAS)121282420
=035  \\$9ABC6737
=040  \\$aPU$cPU
=090  \\$aPR3291.A1$bA44 1771$i02/10/86 CTZ
=245  04$aThe Affected indifference :$ba novel.
=246  \\$aThe affected indifference, a novel. Vol. I.$dLetter-press$xVolume$gFull$vv.1
=246  \\$aThe affected indifference: a novel. Vol. II.$dLetter-press$xVolume$gFull$vv.2
=246  07$aThe affected indifference.$vv.1$vv.2
=260  \\$aLondon$bLondon: printed for F. and J. Noble, at their respective circulating libraries, near Middle Row, Holborn, and Saint Martin\\\'s Court, near Leicester Square.$cM DCC LXXI$a[London]
=300  \\$a2 v. ;$c17 cm. (12mo)$xDuodecimo$a[2 v.]
=500  \\$aOn first page of text of each volume, top of page reads ""The affected indifference: a sentimental history,"" although this variant title does not receive its own title page in either volume."
=500  \\$aNo mention of author
=500  \\$aIn back of volume 1, advertisements for novels that ""speedily will be published"" by the same publisher"
=500  \\$aIn back of volume 2, advertisement for novels ""lately published."", no mention of publisher"
=510  4\$aESTC (RLIN)$cN29406
=510  4\$aEnglish novel, 1770-1829,$c1771: 2
=592  \\$aEpistolary$xLetters are numbered$xIn the middle of some letters, ""In continuation."" is written in large print"
=594  \\$aE. Bateman 2 vol.$bInk$xName is inscribed on top of title page, has been cut off at the top$vv.1
=594  \\$aE. Bateman$bInk$xInscribed on top of title page$vv.2
=656  \7$aEpistolary novels$zEngland$y18th century.$2rbgenr
=650  \4$aCHR 1771
=650  \4$aPRO Bateman, E. (autograph)
=656  \\$aFiction$bBack$cSame genre$cSame publisher
=656  \\$aFiction$bBack$cSame genre
=700  \\$aE. Bateman$4Inscribed name$5Unauthorized
=700  \\$aF. Noble$4Published by$5Unauthorized
=700  \\$aJ. Noble$4Published by$5Unauthorized
=710  \\$aF. and J. Noble (London, England)$4Published by$5Authorized
=710  2\$aCollection of British and American Fiction, 1660-1830 (University of Pennsylvania)
=710  2\$aEarly Novels$5University of Pennsylvania
=752  \\$aEngland$dLondon.
=852  01$bscsing$t1$hPR3291.A1$iA44 1771
=866  30$80$a2 v.
=866  30$80$a(v.1-2); id=9999
=950  \\$lRBC$e\\\\\\\\Singer-\\\\Menden-\\\\hall\\\\$v2 v.$i02/10/86 C
=955  \\$lRBC$c1:(v.1-2)$q726123-24$i02/10/86 C
=989  \\$2Indifference$2Novel$2Volume$3Affected$vv.1
=989  \\$2Indifference$2Novel$2Volume$3Affected$vv.2
=999  \\$aMR$b5/27/11$cSwarthmore College

