=LDR  02711cam a2200541 a 4500
=001  341399
=005  20130221163208.0
=008  860226s1774\\\\enk\\\\\\\\\\\00000\eng\d
=035  \\$a(PUVoyagerBIBID)187025
=035  \\$a(CStRLIN)PAUG86-B7759
=035  \\$a(MediadbVoyBIBID)341399
=035  \\$9ABB0309
=035  \\$a(END)sm_pr3991_a1_d57_1774_v1
=035  \\$a(END)sm_pr3991_a1_d57_1774_v2
=040  \\$aPU$cPU
=090  \\$aPR3991.A1$bD57 1774$i02/26/86 CTZ
=245  04$aThe Disinterested marriage, or, The history of Mr. Frankland.
=246  \\$aThe disinterested marriage: or, the history of Mr. Frankland. Vol. I.$dLetter-press$gFull$xVolume$vv.1
=246  \\$aThe disinterested marriage. Vol. I.$dLetter-press$gHalf$xVolume$vv.1
=246  \\$aThe disinterested marriage: or, the history of Mr. Frankland. Vol. II.$dLetter-press$gFull$xVolume$vv.2
=246  \\$aThe disinterested marriage. Vol. II.$dLetter-press$gHalf$xVolume$vv.2
=246  07$aThe disinterested marriage.$vv.1$vv.2
=260  \\$aLondon$bLondon: Printed for F. and J. Noble, at their respective circulating libraries, near Middle Row, Holborn; and Saint Martin\\\'s Court, near Leicester Square.$cMDCCLXXIV.$vv.1$vv.2$a[London]
=300  \\$a2 v. ;$c19 cm. (12mo)$xDuodecimo$a[2 v.]
=500  \\$aVol. 1: [4], 248 p.; v. 2: [4], 227, [9] p.
=500  \\$aAdvertisement written in response to an accusation made about J. and F. Noble by another publisher
=510  4\$aESTC (RLIN)$cN28531
=510  4\$aEnglish novel, 1770-1829,$c1774:4
=520  \\$aErrata$bErratum.$cBack$vv.1
=592  \\$aEpistolary
=656  \7$aEpistolary fiction$zEngland$y18th century$2rbgenr
=656  \7$aBooksellers\\\' advertisements$zEngland$y18th century$2rbgenr
=656  \\$aFiction$bBack$vv.2$cSame publisher$cSame genre$xLong list of various novel titles; may be useful for a survey of contemporary novels
=650  \4$aCHR 1774
=700  \\$aMr. Frankland$4Author (text)$5Unauthorized
=700  \\$aF. Noble$4Publisher$5Unauthorized
=700  \\$aNoble, John Applebe$4Publisher$5Authorized
=710  \\$aF. and J. Noble (London, England)$4Publisher$5Authorized
=710  2\$aCollection of British and American Fiction, 1660-1830 (University of Pennsylvania)
=710  2\$aEarly Novels$5University of Pennsylvania
=740  0\$aHistory of Mr. Frankland.
=852  01$bscsing$t1$hPR3991.A1$iD57 1774
=866  30$80$a2 v.
=866  30$80$a(v.1-2); id=9999
=950  \\$lRBC$e\\\\\\\\Singer-\\\\Menden-\\\\hall\\\\$v2 v.$i02/26/86 C
=955  \\$lRBC$c1:(v.1-2)$q58-754$sSinger-Mendenhall$i02/26/86 C
=989  \\$2Marriage$2History$2Mr.$3Disinterested$5Mr. Frankland
=999  \\$aAFD$b06/08/2011$cSwarthmore College

