=LDR  03083cam a2200577 a 4500
=001  341405
=005  20130221171832.0
=008  860225s1774\\\\enk\\\\\\\\\\\00000\eng\d
=035  \\$a(PUVoyagerBIBID)186979
=035  \\$a(CStRLIN)PAUG86-B7658
=035  \\$a(MediadbVoyBIBID)341405
=035  \\$9ABB0260
=035  \\$a(END)sm_pr3991_a1_e38_1774_v1
=035  \\$a(END)sm_pr3991_a1_e38_1774_v2
=040  \\$aPU$cPU
=090  \\$aPR3991.A1$bE38 1774$i02/25/86 CTZ
=245  00$aEdward :$ba novel : in two volumes.
=246  \\$aEdward. A novel. In two volumes. Dedicated (by permission) to her majesty. Vol. I.$dLetter-press$xVolume$gFull$vv.1
=246  \\$aEdward. A novel.$dLetter-press$xWork$gHalf$vv.1$vv.2
=246  \\$aEdward. A novel. In two volumes. Dedicated (by permission) to her majesty. Vol. II.$dLetter-press$xVolume$gFull$vv.2
=246  07$aEdward. A novel.$vv.1$vv.2
=260  \\$aLondon$bLondon: Printed for T. Davies, Russell-Street, Covent-Garden; bookseller to the Royal Academy.$cM.DCC.LXXIV.$vv.1$vv.2$a[London]
=300  \\$a2 v. ;$c18 cm. (12mo)$xDuodecimo$xIn two volumes.$a[2 v.]
=510  4\$aESTC (RLIN)$cT70086
=510  4\$aEnglish novel, 1770-1829,$c1774:6
=510  4\$aBlock, A.  Engl. novel (1961 ed.),$cp.66
=520  \\$aDedication$bTo the queen.$cFront$vv.1$x""As your majesty is acquainted with the motives which first induced me to publish this little production...""$xRunning title for this section is ""Dedication.""$xSigned ""Madam, your majesty\\\'s most devoted and obedient humble servant, the author."
=520  \\$aErrata$bErrata in Vol. I.$cFront$vv.1
=592  \\$aEpistolary
=594  \\$aLady Bateman 2 vol:$bInk$vv.1$vv.2$xOn recto of front free endpaper
=599  \\$aAuthor (text)$bGeneric/Descriptive$2Madam, your majesty\\\'s most devoted and obedient humble servant, the author.$3Letter$5Indeterminate$6Unknown
=656  \7$aEpistolary fiction$zEngland$y18th century$2rbgenr
=650  \4$aCHR 1774
=650  \4$aPRO Singer, Jacob (donor)
=650  \4$aPRO Singer, Leah (donor)
=650  \4$aPRO Singer, Godfrey F. (honoree)
=650  \4$aPRO Bateman, Lady (autograph)
=700  \\$aBateman, Elizabeth Bateman Viscountess$dd. 1802$4Inscribed name$5Authorized
=700  \\$aDavies, Thomas$d1713-1785$4Printed for$5Authorized
=700  \\$aCharlotte, Queen, consort of George III, King of Great Britain$d1744-1818$4Dedicatee$5Authorized
=710  \\$aT. Davies$4Printed for$5Unauthorized
=710  2\$aCollection of British and American Fiction, 1660-1830 (University of Pennsylvania)
=710  2\$aEarly Novels$5University of Pennsylvania
=752  \\$aEngland$dLondon.
=852  01$bscsing$t1$hPR3991.A1$iE38 1774
=866  30$80$a2 v.
=866  30$80$a(v.1-2); id=9999
=950  \\$lRBC$e\\\\\\\\Singer-\\\\Menden-\\\\hall\\\\$v2 v.$i02/25/86 C
=955  \\$lRBC$c1:(v.1-2)$q725378-9$sEx libris: Bateman, Lady$sg. Mr. and Mrs. Jacob Singer$i02/25/86 C
=989  \\$2Novel$2Volume$2Permission$2Majesty$3Two$3Her$5Edward$6Dedicate$vv.1$vv.2
=999  \\$aMJR$b6/8/2011$cSwarthmore College

