=LDR  02772cam a2200469 a 4500
=001  341378
=005  20130219172414.0
=008  860313s1776\\\\enk\\\\\\\\\\\00000\eng\d
=035  \\$a(PUVoyagerBIBID)187836
=035  \\$a(CStRLIN)PAUG86-B9752
=035  \\$a(MediadbVoyBIBID)341378
=035  \\$9ABB1225
=035  \\$a(END)sm_pr3991_a1_c67_1776
=040  \\$aPU$cPU
=090  \\$aPR3991.A1$bC67 1776$i03/13/86 CTZ
=245  04$aThe Correspondents :$ban original novel : in a series of letters.
=246  \\$aCorrespondents, an original novel; in a series of letters. A new edition.$dLetter-press$xWork$gFull
=250  \\$aA new edition.$bNew edition
=260  0\$aLondon$bPrinted for T. Becket, corner of the Adelphi, in the Strand.$cMDCCLXXVI.$a[London]
=300  \\$a264 p. ;$c17 cm. (12mo)$xDuodecimo$a[1 v.]
=500  \\$aSaid to be based on correspondance between George, Lord Lyttelton and Mrs. Apphia Peach.  Cf. Davis, R.M. ""The correspondents"" PMLA 51 1936."
=500  \\$aTitle from NUC pre-56, v. 123, p. 508.
=500  \\$aName on bookplate on front pastedown has been effaced, but has "" \\\'78"" written in ink below."
=500  \\$aIt appears that there has was an inscription on recto of the front free endpaper, but it has been cut out.
=500  \\$aThe top of the title page has been cut off.
=510  4\$aESTC (RLIN)$cT144516
=590  \\$aImperfect: t. p. mutilated.
=591  \\$a--Shake not thine auburn locks at me;---Thou canst not say I did it.--$bMacbeth$cShakespeare, William$xVariation on line from Macbeth: ""Thou canst not say I did it: never shake---Thy gory locks at me"" (Act III scene iv, l. 49-50)."
=592  \\$aEpistolary$cPoem(s)$xLetters are unsigned and are labeled ""To *"" or ""To **"".$xContains footnotes citing allusions."
=595  \\$aInk$bWords$xOn title page below ""in a series of letters"" it has been written ""between Lord Littleton & Mrs. Peach,"" and below publication information it has been written ""Mrs. Peach after Lord Littleton\\\'s death married his son."
=650  \4$aCHR 1776
=656  \7$aEpistolary fiction$zEngland$y18th century.$2rbgenr
=700  \\$aBecket, Thomas$4Printed for$5Authorized
=700  \\$aShakespeare, William$d1564-1616$4Author (epigraph)$5Authorized
=710  \\$aBecket, Thomas$4Printed for$5Authorized
=710  2\$aEarly Novels$5University of Pennsylvania
=710  2\$aCollection of British and American Fiction, 1660-1830 (University of Pennsylvania)
=852  00$bscsing$t1$hPR3991.A1$iC67 1776$xid=9999
=950  \\$lRBC$e\\\\\\\\Singer-\\\\Menden-\\\\hall\\\\$i03/13/86 C
=955  \\$lRBC$c1$q50-678$sg. Singer-Mendenhall$i03/13/86 C
=989  \\$2Correspondent$2Novel$2Series$2Letter$2Edition$3Original$3New$7Letter
=999  \\$aMJR$b6/15/11

