=LDR  04451cam a2200925 a 4500
=001  341398
=005  20130402172947.0
=008  860326s1776\\\\ie\\\\\\\\\\\\00000\eng\d
=035  \\$a(PUVoyagerBIBID)186139
=035  \\$a(CStRLIN)PAUG86-B11181
=035  \\$a(MediadbVoyBIBID)341398
=035  \\$9ABA9312
=035  \\$a(END)sm_pr3991_a1_d569_1776
=040  \\$aPU$cPU
=090  \\$aPR3991.A1$bD569 1776$i03/26/86 CTZ
=245  00$aDisinterested love, or, The history of Sir Charles Royston, and Emily Lesley :$bin a series of letters.
=246  \\$aDisinterested love: or, the history of Sir Charles Royston, and Emily Lesley: in a series of letters. Volume the first.$dLetter-press$gFull$xVolume$vv.1
=246  \\$aDisinterested love: or, the history of Sir Charles Royston, and Emily Lesley: in a series of letters. Volume the second.$dLetter-press$gFull$xVolume$vv.2
=246  \\$aDisinterested love.$dLetter-press$gHalf$xVolume$vv.1$vv2
=246  07$aLetters.$vv.1$vv.2
=246  07$aLetters. (verso)$aLetters. (recto)$vv.1$vv.2
=260  \\$aDublin$bPrinted for S. Price, D. Chamberlaine, J. Hoey, W. Whitestone, J. Sheppard, S. Watson, J. Potts, W. Watson, J. Williams, W. Colles, W. Wilson, R. Cross, T. Armitage, T. Walker, E. Cross, R. Moncrieffe, C. Jenkin, M. Mills, and T. Wilkinson.$cM.DCC.LXXVI.$vv.1$vv.2$a[Dublin]
=300  \\$a2 v. ;$c17 cm. (12mo)$xDuodecimo$a[2 v.]
=500  \\$aAn epistolary novel.
=500  \\$aIssued in one volume, continuously paginated and signed.
=510  4\$aESTC (RLIN)$cN6534
=592  \\$aEpistolary
=656  \7$aEpistolary fiction$zIreland$y18th century.$2rbgenr
=650  \4$aCHR 1776
=650  \4$aPRO Singer, Jacob (donor)
=650  \4$aPRO Singer, Leah (donor)
=650  \4$aPRO Singer, Godfrey F. (honoree)
=700  \\$aPrice, S.$4Publisher$5Authorized
=700  \\$aChamberlaine, Dillon$4Publisher$5Authorized
=700  \\$aHoey, J.$4Publisher$5Authorized
=700  \\$aWhitestone, William$4Publisher$5Authorized
=700  \\$aSheppard, J.$4Publisher$5Authorized
=700  \\$aWatson, S.$4Publisher$5Unauthorized
=700  \\$aPotts, J.$4Publisher$5Unauthorized
=700  \\$aWatson, W.$4Publisher$5Authorized
=700  \\$aWilliams, J.$4Publisher$5Authorized
=700  \\$aColles, William$dd. 1790$4Publisher$5Authorized
=700  \\$aWilson, W.$4Publisher$5Unauthorized
=700  \\$aCross, R.$4Publisher$5Authorized
=700  \\$aArmitage, T.$4Publisher$5Authorized
=700  \\$aWalker, T.$4Publisher$5Authorized
=700  \\$aCross, E.$4Publisher$5Unauthorized
=700  \\$aMoncrieff, Richard$dd. 1798$4Publisher$5Authorized
=700  \\$aJenkin, Caleb$dfl. 1771-d. 1792$4Publisher$5Authorized
=700  \\$aMills, Michael$dd. 1808$4Publisher$5Authorized
=700  \\$aWilkinson, T.$4Publisher$5Unauthorized
=710  \\$aPrice, S.$4Publisher$5Authorized
=710  \\$aChamberlaine, Dillon$4Publisher$5Authorized
=710  \\$aHoey, J.$4Publisher$5Authorized
=710  \\$aWhitestone, William$4Publisher$5Authorized
=710  \\$aSheppard, J.$4Publisher$5Authorized
=710  \\$aWatson, S.$4Publisher$5Unauthorized
=710  \\$aPotts, J.$4Publisher$5Unauthorized
=710  \\$aWatson, W.$4Publisher$5Authorized
=710  \\$aWilliams, J.$4Publisher$5Authorized
=710  \\$aColles, William$4Publisher$5Authorized
=710  \\$aWilson, W.$4Publisher$5Unauthorized
=710  \\$aCross, R.$4Publisher$5Authorized
=710  \\$aArmitage, T.$4Publisher$5Authorized
=710  \\$aWalker, T.$4Publisher$5Authorized
=710  \\$aCross, E.$4Publisher$5Unauthorized
=710  \\$aMoncrieff, Richard$4Publisher$5Authorized
=710  \\$aJenkin, Caleb$4Publisher$5Authorized
=710  \\$aMills, Michael$4Publisher$5Authorized
=710  \\$aWilkinson, T.$4Publisher$5Unauthorized
=710  2\$aCollection of British and American Fiction, 1660-1830 (University of Pennsylvania)
=710  2\$aEarly Novels$5University of Pennsylvania
=740  02$aHistory of Sir Charles Royston, and Emily Lesley.
=752  \\$aIreland$dDublin.
=852  01$bscsing$t1$hPR3991.A1$iD569 1776
=866  30$80$a2 v.
=950  \\$lRBC$e\\\\\\\\Singer-\\\\Menden-\\\\hall\\\\$v2 v.$i03/26/86 C
=955  \\$lRBC$c1$q725813$sg. Mr. and Mrs. Jacob Singer$sin 1$i03/26/86 C
=989  \\$2Love$2History$2Sir$2Series$2Letter$2Volume$3Disinterested$5Sir Charles Royston$5Emily Lesley$7Letter
=999  \\$aAFD$b06/13/2011

