=LDR  03158cam a2200481 a 4500
=001  341551
=005  20130228155227.0
=008  860930s1777\\\\enk\\\\\\\\\\\00000\eng\d
=035  \\$a(PUVoyagerBIBID)105657
=035  \\$a(CStRLIN)PAUG86-B42380
=035  \\$a(CaOTULAS)146812312
=035  \\$9AAQ0577
=035  \\$a(MediadbVoyBIBID)341551
=035  \\$a(END)sm_pr3991_a1_h5734_1777
=040  \\$aPU$cPU
=090  \\$aPR3991.A1$bH5734 1777$i09/30/86 CT
=245  04$aThe History of Melinda Harley, Yorkshire.
=246  \\$aThe history of Melinda Harley, Yorkshire.$dLetter-press$xWork$gFull
=246  \\$aA sermon by Mr Randolph.$dLetter-press$xSection$gHalf
=260  0\$aLondon$bPrinted for G. Robinson, no. 25. Paternoster-row, and J. M\\\'Cliesh, Edinburgh.$cM,DCC,LXXVII.$a[London]
=300  \\$aiv, [1], 6-180 p. ;$c17 cm. (12mo)$xDuodecimo$a[1 v.]
=500  \\$aEpistolary
=500  \\$a""A sermon, by Mr. Randolph"": p. [155]-180."
=510  4\$aBlack, F.G.  Epistolary novel$cno. 160
=510  4\$aESTC (RLIN)$cN8474
=510  4\$aEnglish novel, 1770-1829,$c1777:2
=520  \\$aIntroduction$bIntroduction.$cFront$xAuthorial$xReferences novels: ""As it has been often observed, that the style of most novels is rather calculated to warm the passions, and to raise the hero or heroine far beyond the level of common life...so I have...pursued an opposite plan, and I may venture to assure my fair readers, that they will at least receive no hurt or prejudice from the perusal of the following pages..."
=520  \\$aSermon$bA sermon by Mr Randolph$cBack$xHas its own title page.$xTitle above text is ""A sermon. Galatians ii.16. Knowing that a man is not justified by the works of the law, but by the faith of Christ, &c.""$xMr Randolph is a character in the novel.$xIn the first-person, addresssed to ""my brethren""."
=592  \\$aEpistolary$bThird-person$bFirst-person$cPoems$xThe entire novel is epistolary except for the last few pages which are narrated in the third-person, but with several instances of authorial first-person narration: e.g., ""Thus, (gentle reader), have I told thee all their state, and brought their story to the sum of earthly bliss. Miss Harley was just then 19 years of age...""$xAddresses to the reader in the text of this last section.$xAn unattributed poem is inserted into the text of this last section."
=650  \4$aCHR 1777
=656  \7$aEpistolary fiction$zEngland$y18th century.$2rbgenr
=700  11$aRandolph,$cMr.$tSermon.
=700  \\$aRobinson, George$d1736-1801$4Printed for$5Authorize
=700  \\$aM\\\'Cliesh, J.$4Printed for$5Authorized
=710  \\$aG. Robinson and J. M\\\'Cliesh$4Printed for$5Unauthorized
=710  2\$aCollection of British and American Fiction, 1660-1830 (University of Pennsylvania)
=710  2\$aEarly Novels$5University of Pennsylvania
=852  00$bscsing$t1$hPR3991.A1$iH5734 1777$xid=9999
=950  \\$lRBC$e\\\\\\\\Singer-\\\\Menden-\\\\hall\\\\$i09/30/86 C
=955  \\$lRBC$c1$q725450$sGodfrey F. Singer Mem.$i09/30/86 C
=989  \\$2History$4Yorkshire$5Melinda Harley
=989  \\$2Sermon$2Mr$2Mr.$5Mr Randolph
=999  \\$aMJR$b6/15/11

