=LDR  03286cam a2200589 a 4500
=001  341505
=005  20130312174914.0
=008  860616s1783\\\\enk\\\\\\\\\\\00000\eng\d
=035  \\$a(PUVoyagerBIBID)157772
=035  \\$a(CStRLIN)PAUG86-B24425
=035  \\$a(CaOTULAS)156302172
=035  \\$9AAX4884
=035  \\$a(END)sm_pr3991_a1_l398_1783
=035  \\$a(MediadbVoyBIBID)341505
=040  \\$aPU$cPU
=090  \\$aPR3991.A1$bL398 1783$i06/16/86 CT
=245  02$aA Lesson for lovers, or, The history of Colonel Melville, and Lady Charlotte Richley.
=246  \\$aA lesson for lovers. Or the history of Colonel Melville, and Lady Charlotte Richley. Volume I.$dLetter-press$gFull$xVolume$vv.1
=246  \\$aA lesson for lovers. Vol. II.$dLetter-press$gHalf$xVolume$vv.2
=246  \\$aA lesson for lovers, or the history of Colonel Melville, and Lady Charlotte Richley. Volume II.$dLetter-press$gFull$xVolume$vv.2
=246  07$aPreface.$vv.1
=246  07$aPreface. (verso)$aPreface. (recto)$vv.1
=246  07$aA lesson for lovers.$vv.1$vv.2
=246  07$aA lesson for lovers. (verso)$aA lesson for lovers. (recto)$vv.1$vv.2
=260  \\$aLondon$bPrinted for Francis Noble, at his circulating library, opposite Grays-Inn-Gate, Holborn.$cM,DCC,LXXXIII.$vv.1$vv.2$a[London]
=300  \\$a2 v. ;$c19 cm. (12mo)$xOctavo$a[2 v.]
=510  4\$aESTC (RLIN)$cN19506
=510  4\$aEnglish novel, 1770-1829,$c1783:5
=510  4\$aBlock, A.  Engl. novel,$cp. 138.
=520  \\$aPreface$bPreface.$cFront$vv.1$x""It is humbly presumed this species of writing, whilst it renders vicious characters the objects of detestation, and whilst it warms the susceptible heart to feel for distressed worth, will not be judged useless, nor wholly destitute of instruction.""$xEnds with excerpt from Alexander Pope\\\'s ""Essay on Criticism"
=520  \\$aErrata$bErrata. Vol. I.$cFront$vv.1
=520  \\$aErrata$bErrata, Vol. II.$cBack$vv.2
=592  \\$aEpistolary$cPoems$dIncludes footnotes which are written in the voice of an omniscient narrator
=594  \\$aHow bless\\\'d the maid whose bosom---No headstrong passion knows---Her days in joy she passes---Her nights in sweet repose---Mother [?]$bPencil$vv.2$xLines are from the play ""Love in a Village"" by Isaac Bickerstaff (1733-1808)"
=650  \4$aCHR 1783
=650  \4$aPRO Singer, Jacob (donor)
=650  \4$aPRO Singer, Leah (donor)
=650  \4$aPRO Singer, Godfrey F. (honoree)
=656  \7$aEpistolary fiction$zEngland$y18th century.$2rbgenr
=700  \\$aNoble, Francis$dd. 1792$4Publisher$5Authorized
=710  \\$aNoble, Francis$4Publisher$5Authorized
=710  2\$aCollection of British and American Fiction, 1660-1830 (University of Pennsylvania)
=710  2\$aEarly Novels$5University of Pennsylvania
=740  02$aHistory of Colonel Melville, and Lady Charlotte Richley.
=752  \\$aEngland$dLondon.
=852  01$bscsing$t1$hPR3991.A1$iL398 1783
=866  30$80$a2 v.
=866  30$80$a(v.1-2); id=9999
=950  \\$lRBC$e\\\\\\\\Singer-\\\\Menden-\\\\hall\\\\$v2 v.$i06/16/86 C
=955  \\$lRBC$c1:(v.1-2)$q726655-6$sg. Mr. and Mrs. Jacob Singer$i06/16/86 C
=989  \\$2Lesson$2Lover$2History$2Colonel$2Lady$2Volume$5Colonel Melville$5Lady Charlotte Richley
=999  \\$aAFD$b06/27/2011

