=LDR  04488cam a2200505 i 4500
=001  260911
=005  20130517135907.0
=008  940412s1817\\\\enka\\\\\\\\\\000\1\eng\d
=035  \\$a(PUVoyagerBIBID)1812029
=035  \\$a(CStRLIN)PAUGEAY7689-B
=035  \\$9EAY7689
=035  \\$a(MediadbVoyBIBID)260911
=035  \\$a(END)sm_pr3991_a1_l4_1817
=040  \\$aPU$cPU
=090  \\$fh$n\\\\jl\\\\
=245  00$aLetters of an Italian nun and an English gentleman /$ctranslated from the French of J.J. Rousseau.
=246  \\$aLetters of an Italian Nun and an English Gentleman.$dLetter-press$gHalf$xWork
=246  \\$aLetters of an Italian Nun and an English Gentleman. Translated from the French of J.J. Rousseau. Sixth Edition.$dLetter-press$gFull$xWork
=250  \\$aSixth edition.$bSixth edition
=260  \\$aLondon$bPrinted for Sherwood, Neely, and Jones, Paternoster Row$c1817.$fR. and R. Gilbert, St. John\\\'s Square, London.$a[London]
=300  \\$axii, 132, 4 p., [1] leaf of plates ;$billustration ;$c18 cm.$a[1 v.]
=500  \\$aMost of the letters are addressed to ""Isabella."
=500  \\$aThere are 16 letters in total.
=520  \\$aIntroduction$bIntroduction$cFront$xBegins: ""Extract of a Letter to the Editor, Dated Chamberry, in Savoy, Jan. 7, 1780.""$xContinues: ""The original manuscript, an imperfect translation of which I take the liberty to send you, is in the possession of a gentleman in this neighbourhood, to whom I was presented by our common friend, the Marquis de Bellegarde. -- He was so obliging as to lend it to me for my perusal, and, on my proposing its publication, he informed me that it had been sent to the Editors of the posthumous editions of Rousseau\\\'s works, now preparing for the press, who excused themselves from receiving it, because no such work was named among those which he intended should appear after his death. However, I have obtained the liberty to translate and give it to my country.""$xEnds: ""That this may be found inferior to the other translated works of its celebrated author, I will readily acknowledge: -- but still it was originally written by Rousseau; and I shall not disgrace it by any apology of mine. It is said that the gallipots painted by Raphael are held in high estimation by those who most ardently admire the distinguished productions of that sublime pencil, which has given to its master a name that will never die."
=520  \\$aConclusion$bHere the letters conclude...$cBack$xBegins: ""Here the letters conclude; but a note is added to complete the history. Isabella arrived safe at Naples, in the vicinity of which city she lived unknown, till, by the interest of Mr. C.----\\\'s friends, the British Court interfered in her behalf, and in consequence of it the Pope ordered her admission into an abbey in the Neapolitan dominions where she and her friend retired together.""$xEnds: ""She had never been made acquainted with the fatal method which Mr. C.---- had employed to avenge her wrongs, and, happily for her, at this day remains ignorant for it."
=591  \\$aIl cor grandisce; -- E serve a lui chi\\\'l suo dover compisce
=592  \\$aEpistolary
=594  \\$a[Unintelligible]$bInk$xOn full volume title page
=594  \\$aJan. 3, 1834$bInk$xOn full volume title page
=650  \4$aCHR 1817
=656  \7$aAdvertisements$zEngland$zLondon$y19th century.$2rbgenr
=656  \\$aNon-fiction$bBack$cSame publisher$xAd for: ""Cooke\\\'s Topography of Great Britain, or,  British Traveller\\\'s Pocket Directory; being an accurate and comprehensive topographical, and statistical description of all the counties in England, Scotland, and Wales...."
=700  10$aRousseau, Jean-Jacques,$d1712-1778.
=700  10$aCombe, William$d1742-1823$5Authorized
=700  \\$aSherwood, Neely, and Jones$4Printed for$5Authorized
=700  \\$aR. and R. Gilbert$4Printed by$5Unauthorized
=710  \\$aR. and R. Gilbert$4Printed by$5Unauthorized
=710  \\$aSherwood, Neely, and Jones$4Printed for$5Authorized
=710  2\$aEarly Novels$5University of Pennsylvania
=710  2\$aCollection of British and American Fiction, 1660-1830 (University of Pennsylvania)$9University of Pennsylvania
=950  \\$lRBC$aPR3991.A1$bL4 1817$i01/01/01 N$x010
=852  0\$bscsing$hPR3991.A1$iL4 1817$x725817$xrecl. fr. 823/L563
=955  \\$lRBC$c1$s725817$srecl. fr. 823/L563
=989  \\$2letters$3Italian$2nun$3English$2gentleman$6translated$2French$5J.J. Rousseau
=998  \\$nPU$zBNA
=999  \\$b10/10/10

