=LDR  03935cam a2200541 i 4500
=001  374936
=005  20130402163521.0
=008  800908s1845\\\\pauaf\\\\\\\\\000\1\eng\d
=035  \\$aNYPGR6690609-B
=035  \\$a(MediadbVoyBIBID)374936
=035  \\$a(END)148_Au85
=035  \\$a(OCoLC)6690609
=035  \\$aMRC00510450
=035  \\$a2641869
=040  \\$aViU$cViU$dNN$dCStRLIN$dPU
=245  00$aAutobiography of a reformed drunkard, or, Letters and recollections by an inmate of the Alms-House.
=246  30$aAutobiography of a reformed drunkard
=246  30$aLetters and recollections by an inmate of the Alms-House
=246  \\$aAutobiography of a reformed drunkard; or letters and recollections by an inmate of the alms-house. With illustrations.$dLetter-press$gFull$xWork
=246  07$aLetters from the alms-house.
=246  07$aLetters from the alms-house. (recto)$aLetters from the alms-house. (verso)
=246  07$aRecollections.
=246  07$aRecollections. (recto)$aRecollections. (verso)
=260  \\$aPhiladelphia$bGriffith and Simon ;$aNew York$bSaxton and Miles,$c1845.$a[Philadelphia]
=260  \\$aPhiladelphia$bGriffith and Simon, 188 North Third Street. Saxton and Miles, New York.$c1845
=261  \\$bI. Ashmead, printer.$fI. Ashmead
=300  \\$a[8], [13]-159, [1] p., [6] leaves of plates :$bIll.$bIll. (frontispiece)$c16 cm.$xDuodecimo$a[1 v.]
=500  \\$aDuodecimo in sixes. Signature with asterisk.
=520  \\$aCopyright statement$cFront$xCopyright statement reads: ""Entered according to act of congress, in the year 1845, by Isaac Ashmead, in the clerk\\\'s office of the District Court of the Eastern District of Pennsylvania"
=520  \\$aTable of contents$bIllustrations.$cFront$xLists name of illustration and page.
=520  \\$aDedication$cFront$xThe dedication reads: ""To the Washingtonians who are so successfully following up the labours of the early pioneers in the cause of temperance, this little work is dedicated as a faithful portraiture both of the woes of intemperance, and of the joys and hopes and aims and efforts of one who has through mercy obtained deliverance therefrom."
=520  \\$aAdvertisement$bAdvertisement.$cFront$xThe advertisement begins: ""The \\\'Letters from the Alms-house\\\' were first published in a popular periodical. The  \\\'Recollections\\\' are simply a continuation of the narrative begun in the \\\'Letters.\\\'""$xThe advertisment says that Letters from the alms-house and Recollections are published together as a result of the desire of ""the friends of the Temperance Reformation."" Notes that ""the \\\'Letters,\\\' without the \\\'Recollections,\\\' was published some time since without the knowledge of the author."
=592  \\$aEpistolary$aFirst-person$xThe first half of the volume is Letters from the alms-house, which is compose of letters addressed to ""Dear Sir,"" and the second half of the volume (preceded by a page that says: ""Part II. Recollections. By the author of \\\'Letters from the alms-house.\\\'"" is Recollections, written in the first-person."
=599  \\$aAuthor (text)$bGeneric/descriptive$2By an inmate of the alms-house$3Title page$5Indeterminate$6Unknown
=650  \0$aTemperance$xFiction.
=650  \4$aCHR 1845
=700  \\$aAshmead, Isaac$d1790-1870$4Printed by$5Authorized
=700  \\$aSaxton$4Published by$5Unauthorized
=700  \\$aMiles$4Published by$5Unauthorized
=700  \\$aGriffith$4Published by$5Unauthorized
=700  \\$aSimon$4Published by$5Unauthorized
=710  \\$aAshmead, Isaac$4Printed by$5Authorized
=710  \\$aGriffith & Simon$4Published by$5Authorized
=710  \\$aSaxton & Miles$4Published by$5Authorized
=710  2\$aEarly Novels$5University of Pennsylvania
=852  1\$bscrare$h148$iAu85
=989  \\$2Autobiography$6Reform$2Drunkard$7Letter$2Recollection$2Inmate$2Alms-house$2Illustration
=999  \\$aMFC$b7/2/2012$cBryn Mawr College
